<record><leader>00000cas a22000007a 4500</leader><controlfield tag="001">37609008</controlfield><controlfield tag="008">970912d19911991meuwr ne      0    0eng d</controlfield><datafield ind1=" " ind2=" " tag="010"><subfield code="a">sn 97062746 </subfield></datafield><datafield ind1=" " ind2=" " tag="040"><subfield code="a">MBN</subfield><subfield code="b">eng</subfield><subfield code="c">MBN</subfield><subfield code="d">OCLCQ</subfield></datafield><datafield ind1=" " ind2=" " tag="042"><subfield code="a">msc</subfield></datafield><datafield ind1="0" ind2="4" tag="245"><subfield code="a">The cryer.</subfield></datafield><datafield ind1=" " ind2=" " tag="260"><subfield code="a">[Me.] :</subfield><subfield code="b">Pub. Services</subfield></datafield><datafield ind1=" " ind2=" " tag="300"><subfield code="a">v.</subfield></datafield><datafield ind1=" " ind2=" " tag="310"><subfield code="a">Weekly</subfield></datafield><datafield ind1="0" ind2=" " tag="362"><subfield code="a">Vol. 1, no. 1 (Jan. 8, 1991)-v. 1, no. 32 (Aug. 13, 1991).</subfield></datafield><datafield ind1="1" ind2=" " tag="029"><subfield code="a">AU@</subfield><subfield code="b">000013497085</subfield></datafield></record>